%check author names (same) 
%check journal names (always big) 

%Perceptron 
@article{mcculloch1943logical,
  title={A logical calculus of the ideas immanent in nervous activity},
  author={McCulloch, W.S. and Pitts, W.},
  journal={Bulletin of Mathematical Biology, Springer},
  volume={5},
  number={4},
  pages={115--133},
  year={1943},
  publisher={Springer}
}

%Perceptron 
@article{rosenblatt1958perceptron,
  title={The perceptron: a probabilistic model for information storage and organization in the brain.},
  author={Rosenblatt, Frank},
  journal={Psychological Review, American Psychological Association},
  volume={65},
  number={6},
  pages={386},
  year={1958},
  publisher={American Psychological Association}
}

% interactive activation networks
@article{grossberg1978theory,
  title={A theory of visual coding, memory, and development},
  author={Grossberg, Steven},
  journal={Formal Theories of Visual Perception, Wiley},
  pages={7--26},
  year={1978},
  publisher={Wiley New York}
}

@article{mcclelland1981interactive,
  title={An interactive activation model of context effects in letter perception: I. An account of basic findings.},
  author={McClelland, James L and Rumelhart, David E},
  journal={Psychological Review, American Psychological Association},
  volume={88},
  number={5},
  pages={375},
  year={1981},
  publisher={American Psychological Association}
}

@article{kirkpatrick1983optimization,
  title={Optimization by simmulated annealing},
  author={Kirkpatrick, Scott and Vecchi, MP and others},
  journal={Science},
  volume={220},
  number={4598},
  pages={671--680},
  year={1983},
  publisher={Washington}
}

@article{hopfield1984neurons,
  title={Neurons with graded response have collective computational properties like those of two-state neurons},
  author={Hopfield, John J},
  journal={Proceedings of the National Academy of Sciences},
  volume={81},
  number={10},
  pages={3088--3092},
  year={1984},
  publisher={National Acad Sciences}
}

@article{vcerny1985thermodynamical,
  title={Thermodynamical approach to the traveling salesman problem: An efficient simulation algorithm},
  author={{\v{C}}ern{\'{y}}, VLADIM{\'I}R},
  journal={Journal of Optimization Theory and Applications, Springer},
  volume={45},
  number={1},
  pages={41--51},
  year={1985},
  publisher={Springer}
}

%rumelhart1986learning.pdf - original BackProp
@article{rumelhart1986learning,
  title={Learning representations by back-propagating errors},
  author={Rumelhart, D.E. and Hintont, G.E. and Williams, R.J.},
  journal={Nature},
  volume={323},
  number={6088},
  pages={533--536},
  year={1986},
  publisher={London}
}


%pineda1987generalization.pdf - Almeida-Pineda
@article{pineda1987generalization,
  title={Generalization of back-propagation to recurrent neural networks},
  author={Pineda, F.J.},
  journal={Physical Review Letters, APS},
  volume={59},
  number={19},
  pages={2229--2232},
  year={1987},
  publisher={APS}
}

%Recirculation 
%hinton1988learning.pdf - : Main article
@inproceedings{hinton1988learning,
  title={Learning representations by recirculation},
  author={Hinton, G.E. and McClelland, J.L.},
  booktitle={Neural Information Processing Systems},
  pages={358--366},
  year={1988},
  organization={American Institute of Physics}
}

% theory and concepts, introduction 
@article{grossberg1988nonlinear,
  title={Nonlinear neural networks: Principles, mechanisms, and architectures},
  author={Grossberg, Stephen},
  journal={Neural Networks, Elsevier},
  volume={1},
  number={1},
  pages={17--61},
  year={1988},
  publisher={Elsevier}
}

% bp dyamic learning rate / weight + momentum 
%NOTE: baseline algorithm for all dynamic learning rates 
@article{jacobs1988increased,
  title={Increased rates of convergence through learning rate adaptation},
  author={Jacobs, Robert A},
  journal={Neural Networks, Elsevier},
  volume={1},
  number={4},
  pages={295--307},
  year={1988},
  publisher={Elsevier}
}

% interactive activation networks
@book{mcclelland1989explorations,
  title={Explorations in parallel distributed processing: A handbook of models, programs, and exercises},
  author={McClelland, James L and Rumelhart, David E},
  year={1989},
  publisher={MIT press}
}
%hinton1989deterministic.pdf - Boltzman Machines
@article{hinton1989deterministic,
  title={Deterministic Boltzmann learning performs steepest descent in weight-space},
  author={Hinton, G.E.},
  journal={Neural Computation, MIT Press},
  volume={1},
  number={1},
  pages={143--150},
  year={1989},
  publisher={MIT Press}
}

% multilayer proof 3 layers enough 
@article{cybenko1989approximation,
  title={Approximation by superpositions of a sigmoidal function},
  author={Cybenko, George},
  journal={Mathematics of Control, Signals and Systems. Springer},
  volume={2},
  number={4},
  pages={303--314},
  year={1989},
  publisher={Springer}
}

% recurrent 
@article{pearlmutter1989learning,
  title={Learning state space trajectories in recurrent neural networks},
  author={Pearlmutter, Barak A},
  journal={Neural Computation, MIT Press},
  volume={1},
  number={2},
  pages={263--269},
  year={1989},
  publisher={MIT Press}
}

%recurrent 
@article{williams1989learning,
  title={A learning algorithm for continually running fully recurrent neural networks},
  author={Williams, Ronald J and Zipser, David},
  journal={Neural Computation, MIT Press},
  volume={1},
  number={2},
  pages={270--280},
  year={1989},
  publisher={MIT Press}
}

%recurrent
@article{elman1990finding,
  title={Finding structure in time},
  author={Elman, Jeffrey L},
  journal={Cognitive Science, Wiley Online Library},
  volume={14},
  number={2},
  pages={179--211},
  year={1990},
  publisher={Wiley Online Library}
}

%CHL 
@inproceedings{movellan1990contrastive,
  title={Contrastive Hebbian learning in the continuous Hopfield model},
  author={Movellan, J.R.},
  booktitle={Proceedings of the Connectionist Models Summer School},
  pages={10--17},
  year={1990}
}

%learning rate and momentum adaptation 
@inproceedings{miniani1990acceleration,
  title={Acceleration of back-propagation through learning rate and momentum adaptation},
  author={Miniani, AA and Williams, Ronald D},
  booktitle={Proceedings of International Joint Conference on Neural Networks},
  volume={1},
  pages={676--679},
  year={1990}
}

%bias 
%parse 
@article{poggio1990networks,
  title={Networks for approximation and learning},
  author={Poggio, Tomaso and Girosi, Federico},
  journal={Proceedings of the IEEE},
  volume={78},
  number={9},
  pages={1481--1497},
  year={1990},
  publisher={IEEE}
}

%learning rate self determination 
@article{weir1991method,
  title={A method for self-determination of adaptive learning rates in back propagation},
  author={Weir, Michael K},
  journal={Neural Networks, Elsevier},
  volume={4},
  number={3},
  pages={371--379},
  year={1991},
  publisher={Elsevier}
}

%bias 
%parse 
@article{geman1992neural,
  title={Neural networks and the bias/variance dilemma},
  author={Geman, Stuart and Bienenstock, Elie and Doursat, Ren\'{e}},
  journal={Neural Computation, MIT Press},
  volume={4},
  number={1},
  pages={1--58},
  year={1992},
  publisher={MIT Press}
}

%learning rate, learning method, RPROP, stable
@inproceedings{riedmiller1993direct,
  title={A direct adaptive method for faster backpropagation learning: The RPROP algorithm},
  author={Riedmiller, Martin and Braun, Heinrich},
  booktitle={International Conference Neural Networks.},
  pages={586--591},
  year={1993},
  organization={IEEE}
}
% theory and concepts, introduction 
@book{haykin1994neural,
  title={Neural Networks: a Comprehensive Foundation},
  author={Haykin, Simon},
  year={1994},
  publisher={Prentice Hall}
}

@article{phansalkar1994analysis,
  title={Analysis of the back-propagation algorithm with momentum},
  author={Phansalkar, VV and Sastry, PS},
  journal={Transactions on Neural Networks, IEEE},
  volume={5},
  number={3},
  pages={505--506},
  year={1994},
  publisher={IEEE}
}

%THE MOST IMPORTANT ARTICLE 
%o1996bio.pdf - original GeneRec
@article{o1996bio,
  title={Biologically plausible error-driven learning using local activation differences: The generalized recirculation algorithm},
  author={O'Reilly, Randall C},
  journal={Neural Computation, MIT Press},
  volume={8},
  number={5},
  pages={895--938},
  year={1996},
  publisher={MIT Press}
}

% dynamic learning rate 
@article{yu1997efficient,
  title={Efficient backpropagation learning using optimal learning rate and momentum},
  author={Yu, Xiao-Hu and Chen, Guo-An},
  journal={Neural Networks, Elsevier},
  volume={10},
  number={3},
  pages={517--527},
  year={1997},
  publisher={Elsevier}
}

%mnist, handwritten, origianl, benchmark 
%interesting 
@article{lecun1998gradient,
  title={Gradient-based learning applied to document recognition},
  author={LeCun, Yann A and Bottou, L{\'e}on and Bengio, Yoshua and Haffner, Patrick},
  journal={Proceedings of the IEEE},
  volume={86},
  number={11},
  pages={2278--2324},
  year={1998},
  publisher={IEEE}
}

%motivation 
@article{o1998six,
  title={Six principles for biologically based computational models of cortical cognition},
  author={O'Reilly, Randall C},
  journal={Trends in Cognitive Sciences, Elsevier},
  volume={2},
  number={11},
  pages={455--462},
  year={1998},
  publisher={Elsevier}
}

%learning rate adaptation 
@article{magoulas1999improving,
  title={Improving the convergence of the backpropagation algorithm using learning rate adaptation methods},
  author={Magoulas, George D. and Vrahatis, Michael N. and Androulakis, George S},
  journal={Neural Computation, MIT Press},
  volume={11},
  number={7},
  pages={1769--1796},
  year={1999},
  publisher={MIT Press}
}

%motivation 
@book{o2000computational,
  title={Computational Explorations in Cognitive Neuroscience: Understanding the Mind by Simulating the Brain},
  author={O'Reilly, Randall C and Munakata, Yuko},
  year={2000},
  publisher={MIT Press}
}

%GeneRec description 
%parse 
@article{o2001generalization,
  title={Generalization in interactive networks: The benefits of inhibitory competition and Hebbian learning},
  author={O'Reilly, Randall C},
  journal={Neural Computation, MIT Press},
  volume={13},
  number={6},
  pages={1199--1241},
  year={2001},
  publisher={MIT Press}
}

%motivation 
@inproceedings{rosa2002biologically,
  title={A biologically inspired connectionist system for natural language processing},
  author={Rosa, Jo{\~a}o Lu{\'\i}s Garcia},
  booktitle={SBRN. Proceedings of the VII Brazilian Symposium on Neural Networks.},
  pages={243--248},
  year={2002},
  organization={IEEE}
}

%adaptive learning rate 
@inproceedings{yu2002backpropagation,
  title={A backpropagation algorithm with adaptive learning rate and momentum coefficient},
  author={Yu, Chien-Cheng and Liu, Bin-Da},
  booktitle={IJCNN. Proceedings of the International Joint Conference on Neural Networks.},
  volume={2},
  pages={1218--1223},
  year={2002},
  organization={IEEE}
}

@article{xie2003equivalence,
  title={Equivalence of backpropagation and contrastive Hebbian learning in a layered network},
  author={Xie, Xiaohui and Seung, H Sebastian},
  journal={Neural Computation, MIT Press},
  volume={15},
  number={2},
  pages={441--454},
  year={2003},
  publisher={MIT Press}
}

%adaptive learning rate 
@article{behera2006adaptive,
  title={On adaptive learning rate that guarantees convergence in feedforward networks},
  author={Behera, Laxmidhar and Kumar, Swagat and Patnaik, Awhan},
  journal={Transactions on Neural Networks, IEEE},
  volume={17},
  number={5},
  pages={1116--1125},
  year={2006},
  publisher={IEEE}
}

%motivation 
@article{orru2008sabio,
  title={SABio: A Biologically Plausible Connectionist Approach to Automatic Text Summarization},
  author={Orr{\'u}, T{\'e}lvio and Rosa, Jo{\~a}o Lu{\'\i}s Garcia and Andrade Netto, ML},
  journal={Applied Artificial Intelligence, Taylor \& Francis},
  volume={22},
  number={9},
  pages={896--920},
  year={2008},
  publisher={Taylor \& Francis}
}

%GeneRec introduction, bioant, usage 
%copy relevant 
@article{schneider2009application,
  title={Application and development of biologically plausible neural networks in a multiagent artificial life system},
  author={Schneider, Marvin Oliver and Rosa, Jo{\~a}o Lu{\'\i}s Garcia},
  journal={Neural Computing and Applications, Springer},
  volume={18},
  number={1},
  pages={65--75},
  year={2009},
  publisher={Springer}
}

%GeneRec description, hand-written digits, Spiking Response Model
@inproceedings{da2011advances,
  title={Advances on criteria for biological plausibility in artificial neural networks: think of learning processes},
  author={da Silva, Alberione Braz and Rosa, Jo{\~a}o Lu{\'\i}s Garcia},
  booktitle={IJCNN. International Joint Conference on Neural Networks},
  pages={1394--1401},
  year={2011},
  organization={IEEE}
}

%different learning rates on different layers 
@incollection{lecun2012efficient,
  title={Efficient backprop},
  author={LeCun, Yann A and Bottou, L{\'e}on and Orr, Genevieve B and M{\"u}ller, Klaus-Robert},
  booktitle={Neural Networks: Tricks of the Trade},
  pages={9--48},
  year={2012},
  publisher={Springer}
}

%GeneRec usage, different learning rules, leabra, pubmed, bio, cells 
%parse
@article{nawrocki2012monitoring,
  title={Monitoring Performance Degradation of Cerebellar Functions Using Computational Neuroscience Methods: Implications on Neurological Diseases},
  author={Nawrocki, Robert A and Shaalan, Majid and Shaheen, Sean E and Lorenzon, Nancy M},
  journal={PloS One},
  volume={7},
  number={9},
  pages={e45581},
  year={2012},
  publisher={Public Library of Science}
}

%simulations with dropout 
@article{hinton2012improving,
  added-at = {2012-10-10T00:00:00.000+0200},
  author = {Hinton, Geoffrey E. and Srivastava, Nitish and Krizhevsky, Alex and Sutskever, Ilya and Salakhutdinov, Ruslan},
  biburl = {http://www.bibsonomy.org/bibtex/2852239c1ed83a86f637f80bc641333b6/dblp},
  ee = {http://arxiv.org/abs/1207.0580},
  interhash = {3e6590885191244531ef7ce34bb388d0},
  intrahash = {852239c1ed83a86f637f80bc641333b6},
  journal = {CoRR},
  keywords = {dblp},
  timestamp = {2012-10-10T00:00:00.000+0200},
  title = {Improving neural networks by preventing co-adaptation of feature detectors},
  url = {http://dblp.uni-trier.de/db/journals/corr/corr1207.html#abs-1207-0580},
  volume = {abs/1207.0580},
  year = 2012
}

@incollection{farkas2013bal,
  title={Bidirectional Activation-based Neural Network Learning Algorithm},
  author={Farka{\v{s}}, Igor and Rebrov{\'a}, Krist{\'\i}na},
  booktitle={Artificial Neural Networks and Machine Learning (ICANN)},
  pages={154--161},
  year={2013},
  publisher={Springer}
}

@misc{digits2014mnist,
  author = {LeCun, Yann A and Corinna, Cortes and Christopher, J C Burges},
  title = {{The MNIST Database of Handwritten Digits}},
  howpublished = "\url{http://yann.lecun.com/exdb/mnist/}",
  year = {1998}, 
  note = "[Online; accessed 28-April-2014]"
}
